<?xml version="1.0" encoding="UTF-8"?>
<collection xmlns:xsi="http://www.w3.org/2001/XMLSchema-instance" xsi:schemaLocation="http://www.loc.gov/MARC21/slim http://www.loc.gov/standards/marcxml/schema/MARC21slim.xsd" xmlns="http://www.loc.gov/MARC21/slim">
<record>
  <leader>00951cam a22002771  4500</leader>
  <controlfield tag="001">3367880</controlfield>
  <controlfield tag="003">NNC</controlfield>
  <controlfield tag="005">20160118123352.0</controlfield>
  <controlfield tag="007">hd bfa013baaa</controlfield>
  <controlfield tag="007">hd bfa013baba</controlfield>
  <controlfield tag="007">hd afa013baca</controlfield>
  <controlfield tag="008">890925s1952    ua h          000 0cara d</controlfield>
  <datafield tag="035" ind1=" " ind2=" ">
    <subfield code="a">(OCoLC)506121975</subfield>
  </datafield>
  <datafield tag="035" ind1=" " ind2=" ">
    <subfield code="a">(OCoLC)ocn506121975</subfield>
  </datafield>
  <datafield tag="035" ind1=" " ind2=" ">
    <subfield code="9">AVD2317CU</subfield>
  </datafield>
  <datafield tag="035" ind1=" " ind2=" ">
    <subfield code="a">(NNC)3367880</subfield>
  </datafield>
  <datafield tag="040" ind1=" " ind2=" ">
    <subfield code="a">NNC</subfield>
    <subfield code="c">NNC</subfield>
  </datafield>
  <datafield tag="100" ind1="1" ind2=" ">
    <subfield code="a">Ibn Abī Yaʻlá, Abū al-Ḥusayn Muḥammad ibn Muḥammad,</subfield>
    <subfield code="d">1059-1131.</subfield>
  </datafield>
  <datafield tag="245" ind1="1" ind2="0">
    <subfield code="a">Ṭabaqāt al-Ḥanābilah,</subfield>
    <subfield code="c">li-Abī al-Ḥusayn Muḥammad ibn Abī Yaʻlá. Waqafa ʻalá ṭabʻihi wa-ṣaḥḥaḥahu Muḥammad Ḥāmid al-Fiqī.</subfield>
  </datafield>
  <datafield tag="260" ind1=" " ind2=" ">
    <subfield code="a">al-Qāhirah :</subfield>
    <subfield code="b">Maṭbaʻat al-Sunnah al-Muḥammadīyah,</subfield>
    <subfield code="c">1371 h., 1952 m.</subfield>
  </datafield>
  <datafield tag="300" ind1=" " ind2=" ">
    <subfield code="a">445 p.</subfield>
  </datafield>
  <datafield tag="504" ind1=" " ind2=" ">
    <subfield code="a">Includes bibliographical references.</subfield>
  </datafield>
  <datafield tag="650" ind1=" " ind2="0">
    <subfield code="a">Hanbalites.</subfield>
  </datafield>
  <datafield tag="650" ind1=" " ind2="0">
    <subfield code="a">Hanbalites</subfield>
    <subfield code="v">Biography.</subfield>
  </datafield>
  <datafield tag="700" ind1="1" ind2=" ">
    <subfield code="a">Fiqī, Muḥammad Ḥāmid.</subfield>
  </datafield>
  <datafield tag="955" ind1=" " ind2=" ">
    <subfield code="b">0038492750</subfield>
    <subfield code="d">glx</subfield>
    <subfield code="e">893.799 Ib597</subfield>
    <subfield code="v">v.1</subfield>
  </datafield>
</record>
</collection>